@online{interrupts,
  author    = {ESP32 Tutorials},
  title     = {ESP32 GPIO Interrupts with ESP-IDF},
  year      = {2022},
  url       = {https://esp32tutorials.com/esp32-gpio-interrupts-esp-idf/},
}

@online{hallsensor,
  author    = {Kiran Joy},
  title     = {Calculate Speed Using Hall Effect Sensor},
  year      = {2018},
  url       = {https://kiranjoy.blog/2018/08/19/calculate-speed-using-hall-effect-sensor/},
}